<record><leader>00000cas a22000007a 4500</leader><controlfield tag="001">20310440</controlfield><controlfield tag="008">890907d190u1906mouwr ne      0    0eng d</controlfield><datafield ind1=" " ind2=" " tag="010"><subfield code="a">sn 89067008 </subfield></datafield><datafield ind1=" " ind2=" " tag="040"><subfield code="a">MQN</subfield><subfield code="b">eng</subfield><subfield code="c">MQN</subfield><subfield code="d">OCLCQ</subfield></datafield><datafield ind1=" " ind2=" " tag="042"><subfield code="a">msc</subfield></datafield><datafield ind1="0" ind2=" " tag="130"><subfield code="a">Weekly republican (De Soto, Mo.)</subfield></datafield><datafield ind1="1" ind2="4" tag="245"><subfield code="a">The weekly republican.</subfield></datafield><datafield ind1=" " ind2=" " tag="260"><subfield code="a">De Soto, Mo. :</subfield><subfield code="b">Facts Print. Co.,</subfield><subfield code="c">-1906.</subfield></datafield><datafield ind1=" " ind2=" " tag="300"><subfield code="a">v.</subfield></datafield><datafield ind1=" " ind2=" " tag="310"><subfield code="a">Weekly</subfield></datafield><datafield ind1="0" ind2=" " tag="362"><subfield code="a">-v. 17, no. 34 (Aug. 24, 1906).</subfield></datafield><datafield ind1=" " ind2=" " tag="588"><subfield code="a">Description based on: Vol. 12, no. 39 (Sept. 27, 1901).</subfield></datafield><datafield ind1=" " ind2=" " tag="752"><subfield code="a">United States</subfield><subfield code="b">Missouri</subfield><subfield code="c">Jefferson</subfield><subfield code="d">De Soto.</subfield></datafield><datafield ind1="0" ind2="0" tag="780"><subfield code="t">Weekly facts</subfield><subfield code="w">(DLC)sn 89067010</subfield></datafield><datafield ind1="0" ind2="0" tag="785"><subfield code="t">Jefferson County republican (De Soto, Mo.)</subfield><subfield code="w">(DLC)sn 86064482</subfield></datafield></record>